% This file was created with JabRef 2.9.2.
% Encoding: ISO8859_1


@article{Bruni:2014:MDS:2655713.2655714,
 author = {Bruni, Elia and Tran, Nam Khanh and Baroni, Marco},
 title = {Multimodal Distributional Semantics},
 journal = {J. Artif. Int. Res.},
 issue_date = {January 2014},
 volume = {49},
 number = {1},
 month = jan,
 year = {2014},
 issn = {1076-9757},
 pages = {1--47},
 numpages = {47},
 url = {http://dl.acm.org/citation.cfm?id=2655713.2655714},
 acmid = {2655714},
 publisher = {AI Access Foundation},
 address = {USA},
}


@article{Bengio:2003:NPL:944919.944966,
  author    = {Yoshua Bengio and
               R{\'{e}}jean Ducharme and
               Pascal Vincent and
               Christian Janvin},
  title     = {A Neural Probabilistic Language Model},
  journal   = {Journal of Machine Learning Research},
  volume    = {3},
  pages     = {1137--1155},
  year      = {2003},
  url       = {http://www.jmlr.org/papers/v3/bengio03a.html},
}
@INPROCEEDINGS{Spitz2016a,
 author    = {Andreas Spitz and
               Michael Gertz},
  title     = {Terms over {LOAD:} Leveraging Named Entities for Cross-Document Extraction
               and Summarization of Events},
  booktitle = {Proceedings of the 39th International {ACM} {SIGIR} conference on
               Research and Development in Information Retrieval, {SIGIR} 2016, Pisa,Italy, July 17-21, 2016},
  pages     = {503--512},
  year      = {2016},
  url       = {http://doi.acm.org/10.1145/2911451.2911529},
  doi       = {10.1145/2911451.2911529},
}

@article{Collobert:2011:NLP:1953048.2078186,
  author    = {Ronan Collobert and
               Jason Weston and
               L{\'{e}}on Bottou and
               Michael Karlen and
               Koray Kavukcuoglu and
               Pavel P. Kuksa},
  title     = {Natural Language Processing (almost) from Scratch},
  volume    = {arXiv:1103.0398},
  year      = {2011},
  url       = {http://arxiv.org/abs/1103.0398},
  archivePrefix = {arXiv},
}

@inproceedings{DBLP:conf/emnlp/PenningtonSM14,
  author    = {Jeffrey Pennington and
               Richard Socher and
               Christopher D. Manning},
  title     = {Glove: Global Vectors for Word Representation},
  booktitle = {Proceedings of the 2014 Conference on Empirical Methods in Natural
               Language Processing, {EMNLP} 2014, October 25-29, 2014, Doha, Qatar,
               {A} meeting of SIGDAT, a Special Interest Group of the {ACL}},
  pages     = {1532--1543},
  year      = {2014},
  url       = {http://aclweb.org/anthology/D/D14/D14-1162.pdf},
}
@inproceedings{NIPS2014_5477,
  author    = {Omer Levy and
               Yoav Goldberg},
  title     = {Neural Word Embedding as Implicit Matrix Factorization},
  booktitle = {Advances in Neural Information Processing Systems 27: Annual Conference
               on Neural Information Processing Systems 2014, December 8-13 2014,
               Montreal, Quebec, Canada},
  pages     = {2177--2185},
  year      = {2014},
  url       = {http://papers.nips.cc/paper/5477-neural-word-embedding-as-implicit-matrix-factorization}
}
@inproceedings{DBLP:journals/corr/abs-1301-3781,
  author    = {Tomas Mikolov and
               Kai Chen and
               Greg Corrado and
               Jeffrey Dean},
  title     = {Efficient Estimation of Word Representations in Vector Space},
  volume    = {arXiv:1301.3781},
  year      = {2013},
  url       = {http://arxiv.org/abs/1301.3781},
  archivePrefix = {arXiv}
}
@inproceedings{Schnabel2015EvaluationMF,
  author    = {Tobias Schnabel and
               Igor Labutov and
               David M. Mimno and
               Thorsten Joachims},
  title     = {Evaluation methods for unsupervised word embeddings},
  booktitle = {Proceedings of the 2015 Conference on Empirical Methods in Natural
               Language Processing, {EMNLP} 2015, Lisbon, Portugal, September 17-21,
               2015},
  pages     = {298--307},
  year      = {2015},
  url       = {http://aclweb.org/anthology/D/D15/D15-1036.pdf}
}
@inproceedings{Finkelstein:2001:PSC:371920.372094,
 author = {Finkelstein, Lev and Gabrilovich, Evgeniy and Matias, Yossi and Rivlin, Ehud and Solan, Zach and Wolfman, Gadi and Ruppin, Eytan},
 title = {Placing Search in Context: The Concept Revisited},
 booktitle = {Proceedings of the 10th International Conference on World Wide Web},
 series = {WWW '01},
 year = {2001},
 pages = {406--414},
 numpages = {9},
 publisher = {ACM}

} 
@article{vanDerMaaten2008,
  author = {van der Maaten, Laurens and Hinton, Geoffrey},
  journal = {Journal of Machine Learning Research},
  pages = {2579--2605},
  title = {Visualizing Data using {t-SNE} },
  year = 2008
}
@ARTICLE{Rohde06animproved,
    author = {Douglas L. T. Rohde and Laura M. Gonnerman and David C. Plaut},
    title = {An improved model of semantic similarity based on lexical co-occurence },
    journal = {COMMUNICATIONS OF THE ACM},
    year = {2006},
    volume = {8},
    pages = {627--633}
}
@article{DBLP:journals/corr/FaruquiTYDS15,
  author    = {Manaal Faruqui and
               Yulia Tsvetkov and
               Dani Yogatama and
               Chris Dyer and
               Noah A. Smith},
  title     = {Sparse Overcomplete Word Vector Representations},
  booktitle = {Proceedings of the 53rd Annual Meeting of the Association for Computational
               Linguistics and the 7th International Joint Conference on Natural
               Language Processing of the Asian Federation of Natural Language Processing,
               {ACL} 2015, July 26-31, 2015, Beijing, China, Volume 1: Long Papers},
  pages     = {1491--1500},
  year      = {2015},
  url       = {http://aclweb.org/anthology/P/P15/P15-1144.pdf}
}
@article{prak2017,
  author    = {Sungjoon Park and
               JinYeong Bak and
               Alice Oh},
  title     = {Rotated Word Vector Representations and their Interpretability},
  booktitle = {Proceedings of the 2017 Conference on Empirical Methods in Natural
               Language Processing, {EMNLP} 2017, Copenhagen, Denmark, September
               9-11, 2017},
  pages     = {401--411},
  year      = {2017},
  url       = {https://aclanthology.info/papers/D17-1041/d17-1041}
}

@article{DBLP:journals/corr/abs-1711-08792,
  author    = {Anant Subramanian and
               Danish Pruthi and
               Harsh Jhamtani and
               Taylor Berg{-}Kirkpatrick and
               Eduard H. Hovy},
  title     = {{SPINE:} SParse Interpretable Neural Embeddings},
  booktitle = {Proceedings of the Thirty-Second {AAAI} Conference on Artificial Intelligence,
               New Orleans, Louisiana, USA, February 2-7, 2018},
  year      = {2018},
  url       = {https://www.aaai.org/ocs/index.php/AAAI/AAAI18/paper/view/17433}
}
@inproceedings{Perozzi:2014:DOL:2623330.2623732,
  author    = {Bryan Perozzi and
               Rami Al{-}Rfou and
               Steven Skiena},
  title     = {DeepWalk: online learning of social representations},
  booktitle = {The 20th {ACM} {SIGKDD} International Conference on Knowledge Discovery
               and Data Mining, {KDD} '14, New York, NY, {USA} - August 24 - 27,
               2014},
  pages     = {701--710},
  year      = {2014},
  url       = {http://doi.acm.org/10.1145/2623330.2623732},
  doi       = {10.1145/2623330.2623732}
}
 @inproceedings{DBLP:journals/corr/GroverL16,
  author    = {Aditya Grover and
               Jure Leskovec},
  title     = {node2vec: Scalable Feature Learning for Networks},
  booktitle = {Proceedings of the 22nd {ACM} {SIGKDD} International Conference on
               Knowledge Discovery and Data Mining, San Francisco, CA, USA, August
               13-17, 2016},
  pages     = {855--864},
  year      = {2016},
  url       = {http://doi.acm.org/10.1145/2939672.2939754},
  doi       = {10.1145/2939672.2939754}
}
  @inproceedings{Rousseau:2013:GTN:2505515.2505671,
 author = {Rousseau, Fran\c{c}ois and Vazirgiannis, Michalis},
 title = {Graph-of-word and TW-IDF: New Approach to Ad Hoc IR},
 booktitle = {Proceedings of the 22Nd ACM International Conference on Information \& Knowledge Management},
 series = {CIKM '13},
 year = {2013},
 isbn = {978-1-4503-2263-8},
 location = {San Francisco, California, USA},
 pages = {59--68},
 numpages = {10},
 url = {http://doi.acm.org/10.1145/2505515.2505671},
 doi = {10.1145/2505515.2505671},
 acmid = {2505671},
 publisher = {ACM},
 address = {New York, NY, USA}
} 

@book{edx,
	Author = {MIT ,open courseware},
	Title = {MITx: 15.071x The Analytics Edge-Text Analytics},
  url="https://www.edx.org/course/analytics-edge-mitx-15-071x-3"}}
  @book{AndrewNgML,
  Author = {Ng,Andrew},
  Title = {Coursera:DeepLearning.ai: Neural Networks and Deep Learning},
  url="https://www.coursera.org/learn/machine-learning"}}
    @book{AndrewNgDL,
  Author = {Ng,Andrew},
  Title = {Coursera:Machine Learning},
  url="https://www.coursera.org/learn/neural-networks-deep-learning"}}
	
	@book{larson2010introduction,
	Author = {Larson, Ray R},
	Publisher = {Wiley Online Library},
	Title = {Introduction to information retrieval},
	Year = {2010}}
	
	@book{DanielJurafsky2016,
	Author = {Daniel Jurafsky & James H. Martin},
	Title = {Speech and Language Processing},
	Year = {2016}}
	
	
@article{DBLP:journals/tkde/ShenWH15,
  author    = {Wei Shen and
               Jianyong Wang and
               Jiawei Han},
  title     = {Entity Linking with a Knowledge Base: Issues, Techniques, and Solutions},
  journal   = {{IEEE} Trans. Knowl. Data Eng.},
  volume    = {27},
  number    = {2},
  pages     = {443--460},
  year      = {2015},
  url       = {https://doi.org/10.1109/TKDE.2014.2327028},
  doi       = {10.1109/TKDE.2014.2327028}
}

@article{Goldberg:2016:PNN:3176748.3176757,
 author = {Goldberg, Yoav},
 title = {A Primer on Neural Network Models for Natural Language Processing},
 journal = {J. Artif. Int. Res.},
 issue_date = {September 2016},
 volume = {57},
 number = {1},
 month = sep,
 year = {2016},
 issn = {1076-9757},
 pages = {345--420},
 numpages = {76},
 url = {http://dl.acm.org/citation.cfm?id=3176748.3176757},
 acmid = {3176757},
 publisher = {AI Access Foundation},
 address = {USA}
} 
@book{haykin2009neural,
  address = {Upper Saddle River, NJ},
  author = {Haykin, Simon S.},
  edition = {Third},
  publisher = {Pearson Education},
  title = {Neural networks and learning machines},
  year = 2009
}
@article{ng2000cs229,
  title={CS229 Lecture notes},
  author={Ng, Andrew}
}

@article{DBLP:journals/corr/Ruder16,
  author    = {Sebastian Ruder},
  title     = {An overview of gradient descent optimization algorithms},
  volume    = {arXiv:1609.04747},
  year      = {2016},
  url       = {http://arxiv.org/abs/1609.04747},
  archivePrefix = {arXiv}
}
@article{DBLP:journals/corr/ZhongWD16,
  author    = {Guoqiang Zhong and
               Lina Wang and
               Junyu Dong},
  title     = {An Overview on Data Representation Learning: From Traditional Feature
               Learning to Recent Deep Learning},
  volume    = {arXiv:1611.08331},
  year      = {2016},
  url       = {http://arxiv.org/abs/1611.08331},
  archivePrefix = {arXiv}
}
@InProceedings{P14-2131,
  author =  "Bansal, Mohit
    and Gimpel, Kevin
    and Livescu, Karen",
  title =   "Tailoring Continuous Word Representations for Dependency Parsing",
  booktitle =   "Proceedings of the 52nd Annual Meeting of the Association for      Computational Linguistics (Volume 2: Short Papers)    ",
  year =  "2014",
  publisher =   "Association for Computational Linguistics",
  pages =   "809--815",
  location =  "Baltimore, Maryland",
  doi =   "10.3115/v1/P14-2131",
  url =   "http://www.aclweb.org/anthology/P14-2131"
}
@article{DBLP:journals/corr/HashimotoSMT15,
  author    = {Kazuma Hashimoto and
               Pontus Stenetorp and
               Makoto Miwa and
               Yoshimasa Tsuruoka},
  title     = {Task-Oriented Learning of Word Embeddings for Semantic Relation Classification},
  volume    = {arXiv:1503.00095},
  year      = {2015},
  url       = {http://arxiv.org/abs/1503.00095},
  archivePrefix = {arXiv},
  eprint    = {1503.00095}
}

@article{DBLP:journals/corr/LampleBSKD16,
  author    = {Guillaume Lample and
               Miguel Ballesteros and
               Sandeep Subramanian and
               Kazuya Kawakami and
               Chris Dyer},
  title     = {Neural Architectures for Named Entity Recognition},
  volume    = {arXiv:1603.01360},
  year      = {2016},
  url       = {http://arxiv.org/abs/1603.01360},
  archivePrefix = {arXiv},
  eprint    = {1603.01360}
}
@article{DBLP:journals/corr/BojanowskiGJM16,
  author    = {Piotr Bojanowski and
               Edouard Grave and
               Armand Joulin and
               Tomas Mikolov},
  title     = {Enriching Word Vectors with Subword Information},
  volume    = {arXiv:1607.04606},
  year      = {2016},
  url       = {http://arxiv.org/abs/1607.04606},
  archivePrefix = {arXiv},
  eprint    = {1607.04606}
}